<?xml version="1.0" encoding="utf-8"?>
<record xmlns="http://www.loc.gov/MARC21/slim" xmlns:xsi="http://www.w3.org/2001/XMLSchema-instance" xsi:schemaLocation="http://www.loc.gov/MARC21/slim http://www.loc.gov/standards/marcxml/schema/MARC21slim.xsd">
	<leader>     nam a22     Mi 4500</leader>
	<controlfield tag="001">388213</controlfield>
	<controlfield tag="003">NjP</controlfield>
	<controlfield tag="006">m        d        </controlfield>
	<controlfield tag="007">cr cn |||m|||a</controlfield>
	<controlfield tag="008">210111m19849999ir h    ob    000 0 ara d</controlfield>
	<datafield ind1=" " ind2=" " tag="040">
		<subfield code="a">ZYU</subfield>
		<subfield code="b">ara</subfield>
		<subfield code="e">rda</subfield>
		<subfield code="c">ZYU</subfield>
	</datafield>
	<datafield ind1="1" ind2=" " tag="100">
		<subfield code="a">Baraghānī, Muḥammad Ṣāliḥ,</subfield>
		<subfield code="d">-approximately 1853.</subfield>
	</datafield>
	<datafield ind1="1" ind2="0" tag="240">
		<subfield code="a">Mawsūʻat al-Baraghānī fī fiqh al-Shīʻah</subfield>
	</datafield>
	<datafield ind1="1" ind2="0" tag="245">
		<subfield code="a">Mawsūʻat al-Baraghānī fī fiqh al-Shīʻah, al-musammāh bi-Ghanīmat al-maʻād fī sharḥ al-irshād /</subfield>
		<subfield code="c">taʼlīf Muḥammad Ṣāliḥ al-Baraghānī al-Qazwīnī al-Ḥāʼirī ; taḥqīq wa-taqdīm ʻAbd al-Ḥusayn al-Ṣāliḥī.</subfield>
	</datafield>
	<datafield ind1="3" ind2=" " tag="246">
		<subfield code="a">Mawsūʻat al-Baraghānī fī fiqh al-Shīʻah</subfield>
	</datafield>
	<datafield ind1="3" ind2=" " tag="246">
		<subfield code="a">Ghanīmat al-maʻād fī sharḥ al-irshād</subfield>
	</datafield>
	<datafield ind1=" " ind2=" " tag="260">
		<subfield code="a">Ṭihrān :</subfield>
		<subfield code="b">Namāyashgāh-i Dāʼimī-i Kitāb,</subfield>
		<subfield code="c">1405 [1984 or 5]-</subfield>
	</datafield>
	<datafield ind1=" " ind2=" " tag="300">
		<subfield code="a">online resource (volumes) :</subfield>
		<subfield code="b">facsimiles</subfield>
	</datafield>
	<datafield ind1=" " ind2=" " tag="336">
		<subfield code="a">text</subfield>
		<subfield code="2">rdacontent</subfield>
	</datafield>
	<datafield ind1=" " ind2=" " tag="337">
		<subfield code="a">computer</subfield>
		<subfield code="2">rdamedia</subfield>
	</datafield>
	<datafield ind1=" " ind2=" " tag="338">
		<subfield code="a">online resource</subfield>
		<subfield code="2">rdacarrier</subfield>
	</datafield>
	<datafield ind1=" " ind2=" " tag="500">
		<subfield code="a">&quot;Kitāb fiqhī istidlālī riwāʼī istaʻāna bi-hi al-shaykh Muḥammad Ḥasan ṣāḥib al-Jawāhir fī mawsūʻat al-fiqhīyah (al-Jawāhir).&quot;</subfield>
	</datafield>
	<datafield ind1=" " ind2=" " tag="500">
		<subfield code="a">Introduction dated 1405 [1984 or 5].</subfield>
	</datafield>
	<datafield ind1=" " ind2=" " tag="500">
		<subfield code="a">Part of the Arabic Collections Online (ACO) project, contributed by Princeton University Libraries.</subfield>
	</datafield>
	<datafield ind1=" " ind2=" " tag="504">
		<subfield code="a">Includes bibliographical references.</subfield>
	</datafield>
	<datafield ind1="1" ind2=" " tag="505">
		<subfield code="a">v. 1. Kitāb al-ṭahārah, qism 1 -- v. 2. Kitāb al-ṭahārah, qism 2 -- v. 3. Kitāb al-ṣalāh, qism 1 -- v. 4. Kitāb al-ṣalāh, qism 2 -- v. 5. Kitāb al-ṣalāh, qism 3 -- v. 6 Kitāb al-ṣalāh, gism 4.</subfield>
	</datafield>
	<datafield ind1=" " ind2=" " tag="533">
		<subfield code="a">Electronic reproduction.</subfield>
		<subfield code="b">New York, N.Y. :</subfield>
		<subfield code="c">New York University,</subfield>
		<subfield code="d">2021.</subfield>
		<subfield code="5">NNU</subfield>
	</datafield>
	<datafield ind1=" " ind2="0" tag="650">
		<subfield code="a">Islamic law</subfield>
		<subfield code="x">Interpretation and construction.</subfield>
	</datafield>
	<datafield ind1=" " ind2="0" tag="650">
		<subfield code="a">Shiites.</subfield>
	</datafield>
	<datafield ind1=" " ind2="7" tag="650">
		<subfield code="a">Islamic law</subfield>
		<subfield code="x">Interpretation and construction.</subfield>
		<subfield code="2">fast</subfield>
		<subfield code="0">(OCoLC)fst00979955</subfield>
	</datafield>
	<datafield ind1=" " ind2="7" tag="650">
		<subfield code="a">Shiites.</subfield>
		<subfield code="2">fast</subfield>
		<subfield code="0">(OCoLC)fst01115976</subfield>
	</datafield>
	<datafield ind1="1" ind2=" " tag="700">
		<subfield code="a">Ṣāliḥī, ʻAbd al-Ḥusayn.</subfield>
	</datafield>
	<datafield ind1="2" ind2=" " tag="710">
		<subfield code="a">Princeton University.</subfield>
		<subfield code="b">Library.</subfield>
	</datafield>
	<datafield ind1="0" ind2=" " tag="730">
		<subfield code="a">Arabic Collections Online.</subfield>
	</datafield>
	<datafield ind1="0" ind2="8" tag="776">
		<subfield code="i">Print version:</subfield>
		<subfield code="a">Baraghānī, Muḥammad Ṣāliḥ, -approximately 1853.</subfield>
		<subfield code="t">Mawsūʻat al-Baraghānī fī fiqh al-Shīʻah, al-musammāh bi-Ghanīmat al-maʻād fī sharḥ al-irshād</subfield>
		<subfield code="w">(NjP)388213</subfield>
		<subfield code="w">(OCoLC)22315105</subfield>
	</datafield>
	<datafield ind1="4" ind2="0" tag="856">
		<subfield code="u">http://hdl.handle.net/2333.1/7d7wmd8w</subfield>
	</datafield>
	<datafield ind1=" " ind2=" " tag="959">
		<subfield code="a">NNU</subfield>
		<subfield code="b">WEB</subfield>
		<subfield code="c">GENI</subfield>
		<subfield code="t">0</subfield>
		<subfield code="m">Electronic access</subfield>
		<subfield code="s">01</subfield>
	</datafield>
	<datafield ind1=" " ind2=" " tag="999">
		<subfield code="i">NjP_388213</subfield>
		<subfield code="o">(OCoLC)ocm22315105 </subfield>
		<subfield code="s">princeton_aco003346:juz 1</subfield>
		<subfield code="s">princeton_aco003347:juz 2</subfield>
		<subfield code="s">princeton_aco003514:juz 3</subfield>
		<subfield code="s">princeton_aco003367:juz 4</subfield>
		<subfield code="s">princeton_aco003366:juz 5</subfield>
		<subfield code="s">princeton_aco003365:juz 6</subfield>
		<subfield code="s">princeton_aco003513:juz 7</subfield>
		<subfield code="e">(ERROR-880)(ERROR-MISC)</subfield>
	</datafield>
</record>
